<record><leader>01862cam a2200469 i 4500</leader><controlfield tag="001">6785721</controlfield><controlfield tag="003">OCoLC</controlfield><controlfield tag="005">20150228080641.0</controlfield><controlfield tag="008">140704t20152015gaua     b    001 0deng d</controlfield><datafield ind1=" " ind2=" " tag="010"><subfield code="a">  2014949385</subfield></datafield><datafield ind1=" " ind2=" " tag="020"><subfield code="a">1937040224 (alk. paper)</subfield></datafield><datafield ind1=" " ind2=" " tag="020"><subfield code="a">9781937040222 (alk. paper)</subfield></datafield><datafield ind1=" " ind2=" " tag="035"><subfield code="a">ocn882719447</subfield></datafield><datafield ind1=" " ind2=" " tag="039"><subfield code="a">exclude</subfield></datafield><datafield ind1=" " ind2=" " tag="040"><subfield code="a">YDXCP</subfield><subfield code="b">eng</subfield><subfield code="e">rda</subfield><subfield code="c">YDXCP</subfield><subfield code="d">BTCTA</subfield><subfield code="d">OCLCQ</subfield><subfield code="d">CIN</subfield><subfield code="d">AEU</subfield></datafield><datafield ind1=" " ind2=" " tag="043"><subfield code="a">e-gr---</subfield><subfield code="a">a-tu---</subfield><subfield code="a">n-us---</subfield></datafield><datafield ind1=" " ind2="4" tag="050"><subfield code="a">DF212.B52</subfield><subfield code="b">C37 2015</subfield></datafield><datafield ind1="0" ind2="4" tag="082"><subfield code="a">930.1092</subfield><subfield code="2">23</subfield></datafield><datafield ind1=" " ind2=" " tag="090"><subfield code="a">DF212 .B52 C37 2015</subfield><subfield code="b">AEGMCT</subfield></datafield><datafield ind1=" " ind2=" " tag="090"><subfield code="a">DF 212 B52 C37 2015</subfield><subfield code="b">AEU</subfield></datafield><datafield ind1="0" ind2="0" tag="245"><subfield code="a">Carl W. Blegen :</subfield><subfield code="b">personal and archaeological narratives /</subfield><subfield code="c">edited by Natalia Vogeikoff-Brogan, Jack L. Davis, Vasiliki Florou.</subfield></datafield><datafield ind1=" " ind2="1" tag="264"><subfield code="a">Atlanta, GA :</subfield><subfield code="b">Lockwood Press,</subfield><subfield code="c">2015.</subfield></datafield><datafield ind1=" " ind2="4" tag="264"><subfield code="c">&#169;2015</subfield></datafield><datafield ind1=" " ind2=" " tag="300"><subfield code="a">xii, 240 pages :</subfield><subfield code="b">illustrations (some color) ;</subfield><subfield code="c">24 cm</subfield></datafield><datafield ind1=" " ind2=" " tag="336"><subfield code="a">text</subfield><subfield code="b">txt</subfield><subfield code="2">rdacontent</subfield></datafield><datafield ind1=" " ind2=" " tag="337"><subfield code="a">unmediated</subfield><subfield code="b">n</subfield><subfield code="2">rdamedia</subfield></datafield><datafield ind1=" " ind2=" " tag="338"><subfield code="a">volume</subfield><subfield code="b">nc</subfield><subfield code="2">rdacarrier</subfield></datafield><datafield ind1=" " ind2=" " tag="504"><subfield code="a">Includes bibliographical references and index.</subfield></datafield><datafield ind1=" " ind2=" " tag="596"><subfield code="a">29 43</subfield></datafield><datafield ind1="1" ind2="0" tag="600"><subfield code="a">Blegen, Carl W.</subfield><subfield code="q">(Carl William),</subfield><subfield code="d">1887-1971.</subfield></datafield><datafield ind1=" " ind2="0" tag="650"><subfield code="a">Archaeologists</subfield><subfield code="z">United States</subfield><subfield code="v">Biography.</subfield></datafield><datafield ind1=" " ind2="0" tag="650"><subfield code="a">Excavations (Archaeology)</subfield><subfield code="z">Greece.</subfield></datafield><datafield ind1=" " ind2="0" tag="650"><subfield code="a">Excavations (Archaeology)</subfield><subfield code="z">Turkey.</subfield></datafield><datafield ind1=" " ind2="0" tag="651"><subfield code="a">Greece</subfield><subfield code="x">Antiquities.</subfield></datafield><datafield ind1=" " ind2="0" tag="651"><subfield code="a">Turkey</subfield><subfield code="x">Antiquities.</subfield></datafield><datafield ind1="1" ind2=" " tag="700"><subfield code="a">Blegen, Carl W.</subfield><subfield code="q">(Carl William),</subfield><subfield code="d">1887-1971,</subfield><subfield code="e">honoree.</subfield></datafield><datafield ind1="1" ind2=" " tag="700"><subfield code="a">Vogeikoff-Brogan, Natalia,</subfield><subfield code="e">editor.</subfield></datafield><datafield ind1="1" ind2=" " tag="700"><subfield code="a">Davis, Jack L.,</subfield><subfield code="e">editor.</subfield></datafield><datafield ind1="1" ind2=" " tag="700"><subfield code="a">Florou, Vasiliki</subfield><subfield code="e">editor</subfield></datafield><datafield ind1=" " ind2=" " tag="949"><subfield code="a">DF212 .B52 C37 2015</subfield><subfield code="h">GMCT-OS-B</subfield><subfield code="i">1007402850</subfield><subfield code="p">42.54</subfield><subfield code="k">AVAIL_SOON</subfield></datafield><datafield ind1=" " ind2=" " tag="926"><subfield code="a">DF212 .B52 C37 2015</subfield><subfield code="w">LC</subfield><subfield code="c">1</subfield><subfield code="i">1007402850</subfield><subfield code="d">3/20/2015</subfield><subfield code="l">ON_SHELF</subfield><subfield code="m">GR_MACEWAN</subfield><subfield code="p">$42.54</subfield><subfield code="r">Y</subfield><subfield code="s">Y</subfield><subfield code="t">BOOK</subfield><subfield code="u">3/10/2015</subfield></datafield><datafield ind1=" " ind2=" " tag="926"><subfield code="a">DF 212 B52 C37 2015</subfield><subfield code="w">LC</subfield><subfield code="c">1</subfield><subfield code="i">0162035270378</subfield><subfield code="l">ON_SHELF</subfield><subfield code="m">UAHSS</subfield><subfield code="p">$150.00</subfield><subfield code="r">Y</subfield><subfield code="s">Y</subfield><subfield code="t">BOOK</subfield><subfield code="u">4/9/2015</subfield></datafield></record>